
<record>
  <controlfield tag="001">874836</controlfield>
  <datafield tag="245" ind1=" " ind2=" ">
    <subfield code="a">Measurement of the e+ e- ---&gt; eta pi+ pi- cross section in the s**(1/2) = 1.04-GeV - 1.38-GeV energy range with a spherical neutral detector at the VEPP-2M collider</subfield>
  </datafield>
  <datafield tag="024" ind1="7" ind2=" ">
    <subfield code="a">10.1134/S002136401014002X</subfield>
    <subfield code="2">DOI</subfield>
  </datafield>
  <datafield tag="035" ind1=" " ind2=" ">
    <subfield code="z">D10-14861</subfield>
    <subfield code="9">DESY</subfield>
  </datafield>
  <datafield tag="035" ind1=" " ind2=" ">
    <subfield code="a">Achasov:2010zzd</subfield>
    <subfield code="9">SPIRESTeX</subfield>
  </datafield>
</record>