
<record>
  <controlfield tag="001">852051</controlfield>
  <datafield tag="024" ind1="7" ind2=" ">
    <subfield code="a">10.1086/653590</subfield>
    <subfield code="2">DOI</subfield>
    <subfield code="9">ADS</subfield>
  </datafield>
  <datafield tag="035" ind1=" " ind2=" ">
    <subfield code="a">oai:arXiv.org:1004.2559</subfield>
    <subfield code="z">oai:arXiv.org:1004.2559</subfield>
    <subfield code="9">arXiv</subfield>
  </datafield>
  <datafield tag="035" ind1=" " ind2=" ">
    <subfield code="a">Bono:2010ut</subfield>
    <subfield code="9">SPIRESTeX</subfield>
  </datafield>
  <datafield tag="035" ind1=" " ind2=" ">
    <subfield code="a">2010PASP..122..651B</subfield>
    <subfield code="9">ADS</subfield>
  </datafield>
  <datafield tag="037" ind1=" " ind2=" ">
    <subfield code="a">arXiv:1004.2559</subfield>
    <subfield code="9">arXiv</subfield>
    <subfield code="c">astro-ph.GA</subfield>
  </datafield>
  <datafield tag="245" ind1=" " ind2=" ">
    <subfield code="a">On the stellar content of the Carina dwarf spheroidal galaxy</subfield>
  </datafield>
</record>