
<record>
  <controlfield tag="001">845455</controlfield>
  <datafield tag="024" ind1="7" ind2=" ">
    <subfield code="2">DOI</subfield>
    <subfield code="a">10.1088/0004-637X/712/2/858</subfield>
  </datafield>
  <datafield tag="035" ind1=" " ind2=" ">
    <subfield code="a">oai:arXiv.org:1002.1743</subfield>
    <subfield code="z">oai:arXiv.org:1002.1743</subfield>
    <subfield code="9">arXiv</subfield>
  </datafield>
  <datafield tag="035" ind1=" " ind2=" ">
    <subfield code="a">Gogarten:2010gt</subfield>
    <subfield code="9">SPIRESTeX</subfield>
  </datafield>
  <datafield tag="035" ind1=" " ind2=" ">
    <subfield code="9">ADS</subfield>
    <subfield code="a">2010ApJ...712..858G</subfield>
  </datafield>
  <datafield tag="037" ind1=" " ind2=" ">
    <subfield code="a">arXiv:1002.1743</subfield>
    <subfield code="9">arXiv</subfield>
    <subfield code="c">astro-ph.GA</subfield>
  </datafield>
  <datafield tag="245" ind1=" " ind2=" ">
    <subfield code="a">The ACS Nearby Galaxy Survey Treasury V. Radial Star Formation History of NGC 300</subfield>
  </datafield>
</record>

</collection>